<record xmlns:xsi="http://www.w3.org/2001/XMLSchema-instance" xmlns="http://www.loc.gov/MARC21/slim" xsi:schemaLocation="http://www.loc.gov/MARC21/slim http://www.loc.gov/standards/marcxml/schema/MARC21slim.xsd">

  <leader>01496nab a2200157   4500</leader>
  <controlfield tag="008">150604b1999    cr f|||| |||| 00| 0 spa d</controlfield>
  <datafield ind1=" " tag="090" ind2=" ">
    <subfield code="a">REVIS 06.02.01</subfield>
  </datafield>
  <datafield ind1="1" tag="100" ind2=" ">
    <subfield code="9">141</subfield>
    <subfield code="a">Lacayo Arnuero, Aura Estela</subfield>
  </datafield>
  <datafield tag="245" ind2="0" ind1="1">
    <subfield code="a">Evaluación del desempeño docente en el Departamento de Sistemas de la Facultad de Ciencias y Sistemas de la Universidad Nacional de Ingeniería de Nicaragua /</subfield>
    <subfield code="c">Aura Estela Lacayo Arnuero</subfield>
  </datafield>
  <datafield ind1=" " tag="260" ind2=" ">
    <subfield code="a">San José, Costa Rica :</subfield>
    <subfield code="b">Editorial Universidad de Costa Rica,</subfield>
  </datafield>
  <datafield ind1=" " ind2=" " tag="300">
    <subfield code="a">páginas 265--290</subfield>
  </datafield>
  <datafield tag="520" ind2=" " ind1=" ">
    <subfield code="a">Ante la necesidad de valorar la calidad académica en la carrera de Ingeniería de Sistemas se realiza un estudio en la Facultad de Ciencias y Sistemas de la Universidad Nacional de Ingeniería de Nicaragua y, se propone un modelo de evaluación del desempeño docente que contiene los criterios de: disciplina laboral, experiencia laboral, contenido de trabajo, iniciativa, superación profesional, cooperación y relaciones de trabajo. Dichos criterios sirvieron de base para la elaboración de los instrumentos sobre autoevaluación docente, valoración de los estudiantes a los docentes y evaluación del Jefe del Departamento a los profesores, así como, para la tabulación de dichos instrumentos. La propuesta contiene la Ficha Ocupacional Docente</subfield>
  </datafield>
  <datafield ind2="0" tag="650" ind1=" ">
    <subfield code="9">1</subfield>
    <subfield code="a">EDUCACIÓN</subfield>
  </datafield>
  <datafield ind1="0" ind2=" " tag="773">
    <subfield code="d">San José, Costa Rica : Editorial de la Universidad de Costa Rica, 1997-</subfield>
    <subfield code="o">R0022</subfield>
    <subfield code="t">EDUCACIÓN: Revista de la Universidad de Costa Rica</subfield>
    <subfield code="g">Vol.23, no.1 (1999)</subfield>
  </datafield>
  <datafield ind2=" " tag="942" ind1=" ">
    <subfield code="2">z</subfield>
    <subfield code="c">10</subfield>
  </datafield>
  <datafield ind1=" " tag="999" ind2=" ">
    <subfield code="c">2623</subfield>
    <subfield code="d">2623</subfield>
  </datafield>
</record>